%YAML 1.1
%TAG !u! tag:unity3d.com,2011:
--- !u!29 &1
OcclusionCullingSettings:
  m_ObjectHideFlags: 0
  serializedVersion: 2
  m_OcclusionBakeSettings:
    smallestOccluder: 5
    smallestHole: 0.25
    backfaceThreshold: 100
  m_SceneGUID: 00000000000000000000000000000000
  m_OcclusionCullingData: {fileID: 0}
--- !u!104 &2
RenderSettings:
  m_ObjectHideFlags: 0
  serializedVersion: 8
  m_Fog: 0
  m_FogColor: {r: 0.5, g: 0.5, b: 0.5, a: 1}
  m_FogMode: 3
  m_FogDensity: 0.01
  m_LinearFogStart: 0
  m_LinearFogEnd: 300
  m_AmbientSkyColor: {r: 0.212, g: 0.227, b: 0.259, a: 1}
  m_AmbientEquatorColor: {r: 0.114, g: 0.125, b: 0.133, a: 1}
  m_AmbientGroundColor: {r: 0.047, g: 0.043, b: 0.035, a: 1}
  m_AmbientIntensity: 1
  m_AmbientMode: 3
  m_SubtractiveShadowColor: {r: 0.42, g: 0.478, b: 0.627, a: 1}
  m_SkyboxMaterial: {fileID: 0}
  m_HaloStrength: 0.5
  m_FlareStrength: 1
  m_FlareFadeSpeed: 3
  m_HaloTexture: {fileID: 0}
  m_SpotCookie: {fileID: 10001, guid: 0000000000000000e000000000000000, type: 0}
  m_DefaultReflectionMode: 0
  m_DefaultReflectionResolution: 128
  m_ReflectionBounces: 1
  m_ReflectionIntensity: 1
  m_CustomReflection: {fileID: 0}
  m_Sun: {fileID: 0}
  m_IndirectSpecularColor: {r: 0, g: 0, b: 0, a: 1}
--- !u!157 &3
LightmapSettings:
  m_ObjectHideFlags: 0
  serializedVersion: 11
  m_GIWorkflowMode: 1
  m_GISettings:
    serializedVersion: 2
    m_BounceScale: 1
    m_IndirectOutputScale: 1
    m_AlbedoBoost: 1
    m_TemporalCoherenceThreshold: 1
    m_EnvironmentLightingMode: 0
    m_EnableBakedLightmaps: 0
    m_EnableRealtimeLightmaps: 0
  m_LightmapEditorSettings:
    serializedVersion: 9
    m_Resolution: 2
    m_BakeResolution: 40
    m_TextureWidth: 1024
    m_TextureHeight: 1024
    m_AO: 0
    m_AOMaxDistance: 1
    m_CompAOExponent: 1
    m_CompAOExponentDirect: 0
    m_Padding: 2
    m_LightmapParameters: {fileID: 0}
    m_LightmapsBakeMode: 1
    m_TextureCompression: 1
    m_FinalGather: 0
    m_FinalGatherFiltering: 1
    m_FinalGatherRayCount: 256
    m_ReflectionCompression: 2
    m_MixedBakeMode: 2
    m_BakeBackend: 0
    m_PVRSampling: 1
    m_PVRDirectSampleCount: 32
    m_PVRSampleCount: 500
    m_PVRBounces: 2
    m_PVRFilterTypeDirect: 0
    m_PVRFilterTypeIndirect: 0
    m_PVRFilterTypeAO: 0
    m_PVRFilteringMode: 1
    m_PVRCulling: 1
    m_PVRFilteringGaussRadiusDirect: 1
    m_PVRFilteringGaussRadiusIndirect: 5
    m_PVRFilteringGaussRadiusAO: 2
    m_PVRFilteringAtrousPositionSigmaDirect: 0.5
    m_PVRFilteringAtrousPositionSigmaIndirect: 2
    m_PVRFilteringAtrousPositionSigmaAO: 1
    m_ShowResolutionOverlay: 1
  m_LightingDataAsset: {fileID: 0}
  m_UseShadowmask: 1
--- !u!196 &4
NavMeshSettings:
  serializedVersion: 2
  m_ObjectHideFlags: 0
  m_BuildSettings:
    serializedVersion: 2
    agentTypeID: 0
    agentRadius: 0.5
    agentHeight: 2
    agentSlope: 45
    agentClimb: 0.4
    ledgeDropHeight: 0
    maxJumpAcrossDistance: 0
    minRegionArea: 2
    manualCellSize: 0
    cellSize: 0.16666667
    manualTileSize: 0
    tileSize: 256
    accuratePlacement: 0
    debug:
      m_Flags: 0
  m_NavMeshData: {fileID: 0}
--- !u!1001 &85573566
Prefab:
  m_ObjectHideFlags: 0
  serializedVersion: 2
  m_Modification:
    m_TransformParent: {fileID: 0}
    m_Modifications:
    - target: {fileID: 4268721105788482, guid: ecb65d871356f5b49b0559161ec5481f, type: 2}
      propertyPath: m_LocalPosition.x
      value: 44.83945
      objectReference: {fileID: 0}
    - target: {fileID: 4268721105788482, guid: ecb65d871356f5b49b0559161ec5481f, type: 2}
      propertyPath: m_LocalPosition.y
      value: 2.7480264
      objectReference: {fileID: 0}
    - target: {fileID: 4268721105788482, guid: ecb65d871356f5b49b0559161ec5481f, type: 2}
      propertyPath: m_LocalPosition.z
      value: -0.19921875
      objectReference: {fileID: 0}
    - target: {fileID: 4268721105788482, guid: ecb65d871356f5b49b0559161ec5481f, type: 2}
      propertyPath: m_LocalRotation.x
      value: 0
      objectReference: {fileID: 0}
    - target: {fileID: 4268721105788482, guid: ecb65d871356f5b49b0559161ec5481f, type: 2}
      propertyPath: m_LocalRotation.y
      value: 0
      objectReference: {fileID: 0}
    - target: {fileID: 4268721105788482, guid: ecb65d871356f5b49b0559161ec5481f, type: 2}
      propertyPath: m_LocalRotation.z
      value: 0
      objectReference: {fileID: 0}
    - target: {fileID: 4268721105788482, guid: ecb65d871356f5b49b0559161ec5481f, type: 2}
      propertyPath: m_LocalRotation.w
      value: 1
      objectReference: {fileID: 0}
    - target: {fileID: 4268721105788482, guid: ecb65d871356f5b49b0559161ec5481f, type: 2}
      propertyPath: m_RootOrder
      value: 4
      objectReference: {fileID: 0}
    m_RemovedComponents: []
  m_ParentPrefab: {fileID: 100100000, guid: ecb65d871356f5b49b0559161ec5481f, type: 2}
  m_IsPrefabParent: 0
--- !u!1001 &197151519
Prefab:
  m_ObjectHideFlags: 0
  serializedVersion: 2
  m_Modification:
    m_TransformParent: {fileID: 0}
    m_Modifications:
    - target: {fileID: 4523146771902178, guid: bfdd56779523c0a45802e9bf7b1b34be, type: 2}
      propertyPath: m_LocalPosition.x
      value: 0
      objectReference: {fileID: 0}
    - target: {fileID: 4523146771902178, guid: bfdd56779523c0a45802e9bf7b1b34be, type: 2}
      propertyPath: m_LocalPosition.y
      value: 0
      objectReference: {fileID: 0}
    - target: {fileID: 4523146771902178, guid: bfdd56779523c0a45802e9bf7b1b34be, type: 2}
      propertyPath: m_LocalPosition.z
      value: 0
      objectReference: {fileID: 0}
    - target: {fileID: 4523146771902178, guid: bfdd56779523c0a45802e9bf7b1b34be, type: 2}
      propertyPath: m_LocalRotation.x
      value: -0
      objectReference: {fileID: 0}
    - target: {fileID: 4523146771902178, guid: bfdd56779523c0a45802e9bf7b1b34be, type: 2}
      propertyPath: m_LocalRotation.y
      value: -0
      objectReference: {fileID: 0}
    - target: {fileID: 4523146771902178, guid: bfdd56779523c0a45802e9bf7b1b34be, type: 2}
      propertyPath: m_LocalRotation.z
      value: -0
      objectReference: {fileID: 0}
    - target: {fileID: 4523146771902178, guid: bfdd56779523c0a45802e9bf7b1b34be, type: 2}
      propertyPath: m_LocalRotation.w
      value: 1
      objectReference: {fileID: 0}
    - target: {fileID: 4523146771902178, guid: bfdd56779523c0a45802e9bf7b1b34be, type: 2}
      propertyPath: m_RootOrder
      value: 3
      objectReference: {fileID: 0}
    m_RemovedComponents: []
  m_ParentPrefab: {fileID: 100100000, guid: bfdd56779523c0a45802e9bf7b1b34be, type: 2}
  m_IsPrefabParent: 0
--- !u!114 &412754060 stripped
MonoBehaviour:
  m_PrefabParentObject: {fileID: 114078174882175584, guid: 983c5964893d10e4eb1627f068a23150,
    type: 2}
  m_PrefabInternal: {fileID: 1053494849}
  m_Script: {fileID: -113659843, guid: f70555f144d8491a825f0804e09c671c, type: 3}
--- !u!114 &728042142 stripped
MonoBehaviour:
  m_PrefabParentObject: {fileID: 114328353583459636, guid: 983c5964893d10e4eb1627f068a23150,
    type: 2}
  m_PrefabInternal: {fileID: 1053494849}
  m_Script: {fileID: -765806418, guid: f70555f144d8491a825f0804e09c671c, type: 3}
--- !u!1001 &1053494849
Prefab:
  m_ObjectHideFlags: 0
  serializedVersion: 2
  m_Modification:
    m_TransformParent: {fileID: 0}
    m_Modifications:
    - target: {fileID: 224606922655858940, guid: 983c5964893d10e4eb1627f068a23150,
        type: 2}
      propertyPath: m_AnchorMax.x
      value: 1
      objectReference: {fileID: 0}
    - target: {fileID: 224606922655858940, guid: 983c5964893d10e4eb1627f068a23150,
        type: 2}
      propertyPath: m_AnchorMax.y
      value: 1
      objectReference: {fileID: 0}
    - target: {fileID: 224304697871603808, guid: 983c5964893d10e4eb1627f068a23150,
        type: 2}
      propertyPath: m_AnchorMin.x
      value: 1
      objectReference: {fileID: 0}
    - target: {fileID: 224304697871603808, guid: 983c5964893d10e4eb1627f068a23150,
        type: 2}
      propertyPath: m_AnchorMax.x
      value: 1
      objectReference: {fileID: 0}
    - target: {fileID: 224304697871603808, guid: 983c5964893d10e4eb1627f068a23150,
        type: 2}
      propertyPath: m_AnchorMax.y
      value: 1
      objectReference: {fileID: 0}
    - target: {fileID: 224859093063650068, guid: 983c5964893d10e4eb1627f068a23150,
        type: 2}
      propertyPath: m_LocalPosition.x
      value: 0
      objectReference: {fileID: 0}
    - target: {fileID: 224859093063650068, guid: 983c5964893d10e4eb1627f068a23150,
        type: 2}
      propertyPath: m_LocalPosition.y
      value: 0
      objectReference: {fileID: 0}
    - target: {fileID: 224859093063650068, guid: 983c5964893d10e4eb1627f068a23150,
        type: 2}
      propertyPath: m_LocalPosition.z
      value: 0
      objectReference: {fileID: 0}
    - target: {fileID: 224859093063650068, guid: 983c5964893d10e4eb1627f068a23150,
        type: 2}
      propertyPath: m_LocalRotation.x
      value: 0
      objectReference: {fileID: 0}
    - target: {fileID: 224859093063650068, guid: 983c5964893d10e4eb1627f068a23150,
        type: 2}
      propertyPath: m_LocalRotation.y
      value: 0
      objectReference: {fileID: 0}
    - target: {fileID: 224859093063650068, guid: 983c5964893d10e4eb1627f068a23150,
        type: 2}
      propertyPath: m_LocalRotation.z
      value: 0
      objectReference: {fileID: 0}
    - target: {fileID: 224859093063650068, guid: 983c5964893d10e4eb1627f068a23150,
        type: 2}
      propertyPath: m_LocalRotation.w
      value: 1
      objectReference: {fileID: 0}
    - target: {fileID: 224859093063650068, guid: 983c5964893d10e4eb1627f068a23150,
        type: 2}
      propertyPath: m_RootOrder
      value: 1
      objectReference: {fileID: 0}
    - target: {fileID: 224859093063650068, guid: 983c5964893d10e4eb1627f068a23150,
        type: 2}
      propertyPath: m_AnchoredPosition.x
      value: 0
      objectReference: {fileID: 0}
    - target: {fileID: 224859093063650068, guid: 983c5964893d10e4eb1627f068a23150,
        type: 2}
      propertyPath: m_AnchoredPosition.y
      value: 0
      objectReference: {fileID: 0}
    - target: {fileID: 224859093063650068, guid: 983c5964893d10e4eb1627f068a23150,
        type: 2}
      propertyPath: m_SizeDelta.x
      value: 0
      objectReference: {fileID: 0}
    - target: {fileID: 224859093063650068, guid: 983c5964893d10e4eb1627f068a23150,
        type: 2}
      propertyPath: m_SizeDelta.y
      value: 0
      objectReference: {fileID: 0}
    - target: {fileID: 224859093063650068, guid: 983c5964893d10e4eb1627f068a23150,
        type: 2}
      propertyPath: m_AnchorMin.x
      value: 0
      objectReference: {fileID: 0}
    - target: {fileID: 224859093063650068, guid: 983c5964893d10e4eb1627f068a23150,
        type: 2}
      propertyPath: m_AnchorMin.y
      value: 0
      objectReference: {fileID: 0}
    - target: {fileID: 224859093063650068, guid: 983c5964893d10e4eb1627f068a23150,
        type: 2}
      propertyPath: m_AnchorMax.x
      value: 0
      objectReference: {fileID: 0}
    - target: {fileID: 224859093063650068, guid: 983c5964893d10e4eb1627f068a23150,
        type: 2}
      propertyPath: m_AnchorMax.y
      value: 0
      objectReference: {fileID: 0}
    - target: {fileID: 224859093063650068, guid: 983c5964893d10e4eb1627f068a23150,
        type: 2}
      propertyPath: m_Pivot.x
      value: 0
      objectReference: {fileID: 0}
    - target: {fileID: 224859093063650068, guid: 983c5964893d10e4eb1627f068a23150,
        type: 2}
      propertyPath: m_Pivot.y
      value: 0
      objectReference: {fileID: 0}
    m_RemovedComponents: []
  m_ParentPrefab: {fileID: 100100000, guid: 983c5964893d10e4eb1627f068a23150, type: 2}
  m_IsPrefabParent: 0
--- !u!114 &1053494850 stripped
MonoBehaviour:
  m_PrefabParentObject: {fileID: 114086246934650064, guid: 983c5964893d10e4eb1627f068a23150,
    type: 2}
  m_PrefabInternal: {fileID: 1053494849}
  m_Script: {fileID: 708705254, guid: f70555f144d8491a825f0804e09c671c, type: 3}
--- !u!1001 &1302815044
Prefab:
  m_ObjectHideFlags: 0
  serializedVersion: 2
  m_Modification:
    m_TransformParent: {fileID: 0}
    m_Modifications:
    - target: {fileID: 4765465158574740, guid: 1faa2071c14bbf44e8514bdf36670f0f, type: 2}
      propertyPath: m_LocalPosition.x
      value: 23.320002
      objectReference: {fileID: 0}
    - target: {fileID: 4765465158574740, guid: 1faa2071c14bbf44e8514bdf36670f0f, type: 2}
      propertyPath: m_LocalPosition.y
      value: 10.4800005
      objectReference: {fileID: 0}
    - target: {fileID: 4765465158574740, guid: 1faa2071c14bbf44e8514bdf36670f0f, type: 2}
      propertyPath: m_LocalPosition.z
      value: -0.046875
      objectReference: {fileID: 0}
    - target: {fileID: 4765465158574740, guid: 1faa2071c14bbf44e8514bdf36670f0f, type: 2}
      propertyPath: m_LocalRotation.x
      value: 0
      objectReference: {fileID: 0}
    - target: {fileID: 4765465158574740, guid: 1faa2071c14bbf44e8514bdf36670f0f, type: 2}
      propertyPath: m_LocalRotation.y
      value: 0
      objectReference: {fileID: 0}
    - target: {fileID: 4765465158574740, guid: 1faa2071c14bbf44e8514bdf36670f0f, type: 2}
      propertyPath: m_LocalRotation.z
      value: 0
      objectReference: {fileID: 0}
    - target: {fileID: 4765465158574740, guid: 1faa2071c14bbf44e8514bdf36670f0f, type: 2}
      propertyPath: m_LocalRotation.w
      value: 1
      objectReference: {fileID: 0}
    - target: {fileID: 4765465158574740, guid: 1faa2071c14bbf44e8514bdf36670f0f, type: 2}
      propertyPath: m_RootOrder
      value: 6
      objectReference: {fileID: 0}
    - target: {fileID: 114676751128245378, guid: 1faa2071c14bbf44e8514bdf36670f0f,
        type: 2}
      propertyPath: lifeCounter
      value: 
      objectReference: {fileID: 1053494850}
    m_RemovedComponents: []
  m_ParentPrefab: {fileID: 100100000, guid: 1faa2071c14bbf44e8514bdf36670f0f, type: 2}
  m_IsPrefabParent: 0
--- !u!1001 &1404179508
Prefab:
  m_ObjectHideFlags: 0
  serializedVersion: 2
  m_Modification:
    m_TransformParent: {fileID: 0}
    m_Modifications:
    - target: {fileID: 4962799146857490, guid: 653f1fa621b0e8b4e978f3d933c6c124, type: 2}
      propertyPath: m_LocalPosition.x
      value: 20.148212
      objectReference: {fileID: 0}
    - target: {fileID: 4962799146857490, guid: 653f1fa621b0e8b4e978f3d933c6c124, type: 2}
      propertyPath: m_LocalPosition.y
      value: 8.075659
      objectReference: {fileID: 0}
    - target: {fileID: 4962799146857490, guid: 653f1fa621b0e8b4e978f3d933c6c124, type: 2}
      propertyPath: m_LocalPosition.z
      value: 0.63522685
      objectReference: {fileID: 0}
    - target: {fileID: 4962799146857490, guid: 653f1fa621b0e8b4e978f3d933c6c124, type: 2}
      propertyPath: m_LocalRotation.x
      value: 0
      objectReference: {fileID: 0}
    - target: {fileID: 4962799146857490, guid: 653f1fa621b0e8b4e978f3d933c6c124, type: 2}
      propertyPath: m_LocalRotation.y
      value: 0
      objectReference: {fileID: 0}
    - target: {fileID: 4962799146857490, guid: 653f1fa621b0e8b4e978f3d933c6c124, type: 2}
      propertyPath: m_LocalRotation.z
      value: 0
      objectReference: {fileID: 0}
    - target: {fileID: 4962799146857490, guid: 653f1fa621b0e8b4e978f3d933c6c124, type: 2}
      propertyPath: m_LocalRotation.w
      value: 1
      objectReference: {fileID: 0}
    - target: {fileID: 4962799146857490, guid: 653f1fa621b0e8b4e978f3d933c6c124, type: 2}
      propertyPath: m_RootOrder
      value: 5
      objectReference: {fileID: 0}
    - target: {fileID: 114447796471995832, guid: 653f1fa621b0e8b4e978f3d933c6c124,
        type: 2}
      propertyPath: slide
      value: 
      objectReference: {fileID: 412754060}
    - target: {fileID: 114353075085942140, guid: 653f1fa621b0e8b4e978f3d933c6c124,
        type: 2}
      propertyPath: rightArrow
      value: 
      objectReference: {fileID: 728042142}
    - target: {fileID: 114353075085942140, guid: 653f1fa621b0e8b4e978f3d933c6c124,
        type: 2}
      propertyPath: leftArrow
      value: 
      objectReference: {fileID: 2142419318}
    m_RemovedComponents: []
  m_ParentPrefab: {fileID: 100100000, guid: 653f1fa621b0e8b4e978f3d933c6c124, type: 2}
  m_IsPrefabParent: 0
--- !u!1001 &1994895977
Prefab:
  m_ObjectHideFlags: 0
  serializedVersion: 2
  m_Modification:
    m_TransformParent: {fileID: 0}
    m_Modifications:
    - target: {fileID: 4343013748831638, guid: 379a4b56a6efabd4bac9a1aef3b7b363, type: 2}
      propertyPath: m_LocalPosition.x
      value: 16.640001
      objectReference: {fileID: 0}
    - target: {fileID: 4343013748831638, guid: 379a4b56a6efabd4bac9a1aef3b7b363, type: 2}
      propertyPath: m_LocalPosition.y
      value: 10.38
      objectReference: {fileID: 0}
    - target: {fileID: 4343013748831638, guid: 379a4b56a6efabd4bac9a1aef3b7b363, type: 2}
      propertyPath: m_LocalPosition.z
      value: -10
      objectReference: {fileID: 0}
    - target: {fileID: 4343013748831638, guid: 379a4b56a6efabd4bac9a1aef3b7b363, type: 2}
      propertyPath: m_LocalRotation.x
      value: -0
      objectReference: {fileID: 0}
    - target: {fileID: 4343013748831638, guid: 379a4b56a6efabd4bac9a1aef3b7b363, type: 2}
      propertyPath: m_LocalRotation.y
      value: -0
      objectReference: {fileID: 0}
    - target: {fileID: 4343013748831638, guid: 379a4b56a6efabd4bac9a1aef3b7b363, type: 2}
      propertyPath: m_LocalRotation.z
      value: -0
      objectReference: {fileID: 0}
    - target: {fileID: 4343013748831638, guid: 379a4b56a6efabd4bac9a1aef3b7b363, type: 2}
      propertyPath: m_LocalRotation.w
      value: 1
      objectReference: {fileID: 0}
    - target: {fileID: 4343013748831638, guid: 379a4b56a6efabd4bac9a1aef3b7b363, type: 2}
      propertyPath: m_RootOrder
      value: 0
      objectReference: {fileID: 0}
    - target: {fileID: 114593488934540070, guid: 379a4b56a6efabd4bac9a1aef3b7b363,
        type: 2}
      propertyPath: target
      value: 
      objectReference: {fileID: 2138478366}
    m_RemovedComponents: []
  m_ParentPrefab: {fileID: 100100000, guid: 379a4b56a6efabd4bac9a1aef3b7b363, type: 2}
  m_IsPrefabParent: 0
--- !u!1001 &2098964066
Prefab:
  m_ObjectHideFlags: 0
  serializedVersion: 2
  m_Modification:
    m_TransformParent: {fileID: 0}
    m_Modifications:
    - target: {fileID: 4072673948848902, guid: 4d90f1d5149af71488854c9e28fdc813, type: 2}
      propertyPath: m_LocalPosition.x
      value: 18.6
      objectReference: {fileID: 0}
    - target: {fileID: 4072673948848902, guid: 4d90f1d5149af71488854c9e28fdc813, type: 2}
      propertyPath: m_LocalPosition.y
      value: 4.1
      objectReference: {fileID: 0}
    - target: {fileID: 4072673948848902, guid: 4d90f1d5149af71488854c9e28fdc813, type: 2}
      propertyPath: m_LocalPosition.z
      value: -0.19921875
      objectReference: {fileID: 0}
    - target: {fileID: 4072673948848902, guid: 4d90f1d5149af71488854c9e28fdc813, type: 2}
      propertyPath: m_LocalRotation.x
      value: 0
      objectReference: {fileID: 0}
    - target: {fileID: 4072673948848902, guid: 4d90f1d5149af71488854c9e28fdc813, type: 2}
      propertyPath: m_LocalRotation.y
      value: 0
      objectReference: {fileID: 0}
    - target: {fileID: 4072673948848902, guid: 4d90f1d5149af71488854c9e28fdc813, type: 2}
      propertyPath: m_LocalRotation.z
      value: 0
      objectReference: {fileID: 0}
    - target: {fileID: 4072673948848902, guid: 4d90f1d5149af71488854c9e28fdc813, type: 2}
      propertyPath: m_LocalRotation.w
      value: 1
      objectReference: {fileID: 0}
    - target: {fileID: 4072673948848902, guid: 4d90f1d5149af71488854c9e28fdc813, type: 2}
      propertyPath: m_RootOrder
      value: 2
      objectReference: {fileID: 0}
    m_RemovedComponents: []
  m_ParentPrefab: {fileID: 100100000, guid: 4d90f1d5149af71488854c9e28fdc813, type: 2}
  m_IsPrefabParent: 0
--- !u!114 &2138478366 stripped
MonoBehaviour:
  m_PrefabParentObject: {fileID: 114096537043797482, guid: 1faa2071c14bbf44e8514bdf36670f0f,
    type: 2}
  m_PrefabInternal: {fileID: 1302815044}
  m_Script: {fileID: 11500000, guid: 66d4ced7028dc24449d7cd202944cda3, type: 3}
--- !u!114 &2142419318 stripped
MonoBehaviour:
  m_PrefabParentObject: {fileID: 114227446687408966, guid: 983c5964893d10e4eb1627f068a23150,
    type: 2}
  m_PrefabInternal: {fileID: 1053494849}
  m_Script: {fileID: -765806418, guid: f70555f144d8491a825f0804e09c671c, type: 3}
